 @article{bartak_jastrzebska_2022,
  title   = {Mining patterns of transitional growth using multivariate concept-based models},
  volume  = {56},
  doi     = {10.1007/s11135-022-01318-8},
  number  = {6},
  journal = {Quality \& Quantity},
  author  = {Bartak, Jakub and Jastrzębska, Agnieszka},
  year    = {2022},
  pages   = {4395–4419}
}

 @misc{kaggle_2017,
  title   = {World development indicators},
  url     = {https://www.kaggle.com/datasets/kaggle/world-development-indicators},
  journal = {Kaggle},
  author  = {Kaggle},
  year    = {2017},
  month   = {May}
}
